<?xml version="1.0" encoding="UTF-8"?>
<record>
  <leader>01246nam#a2200337#c#4500</leader>
  <controlfield tag="005">20210409125930.0</controlfield>
  <controlfield tag="007">tu</controlfield>
  <controlfield tag="008">171024|2017####gw#######m####|||#|#ger#c</controlfield>
  <controlfield tag="003">DE-605</controlfield>
  <controlfield tag="001">990219911120206441</controlfield>
  <datafield tag="035" ind1=" " ind2=" ">
    <subfield code="a">(DE-605)HT019485225</subfield>
  </datafield>
  <datafield tag="040" ind1=" " ind2=" ">
    <subfield code="a">294</subfield>
    <subfield code="b">ger</subfield>
    <subfield code="d">294</subfield>
    <subfield code="e">rda</subfield>
  </datafield>
  <datafield tag="041" ind1=" " ind2=" ">
    <subfield code="a">ger</subfield>
  </datafield>
  <datafield tag="044" ind1=" " ind2=" ">
    <subfield code="c">XA-DE</subfield>
  </datafield>
  <datafield tag="100" ind1="1" ind2=" ">
    <subfield code="a">Nowack, Nikola</subfield>
    <subfield code="0">(DE-588)1054147280</subfield>
    <subfield code="4">aut</subfield>
    <subfield code="0">https://portal.dnb.de/opac.htm?method=simpleSearch&amp;cqlMode=true&amp;query=idn=1054147280</subfield>
    <subfield code="0">http://viaf.org/viaf/sourceID/DNB|1054147280</subfield>
    <subfield code="B">GND-1054147280</subfield>
  </datafield>
  <datafield tag="245" ind1="1" ind2="0">
    <subfield code="a">Influence of prenatal exposure to endocrine-disrupting chemicals on sex-typical development and autistic traits</subfield>
    <subfield code="c">vorgelegt von Nikola Nowack</subfield>
  </datafield>
  <datafield tag="264" ind1=" " ind2="1">
    <subfield code="a">Bochum</subfield>
    <subfield code="c">im Juni 2017</subfield>
  </datafield>
  <datafield tag="300" ind1=" " ind2=" ">
    <subfield code="a">vi, 182 Seiten</subfield>
    <subfield code="b">Diagramme</subfield>
  </datafield>
  <datafield tag="336" ind1=" " ind2=" ">
    <subfield code="b">txt</subfield>
  </datafield>
  <datafield tag="337" ind1=" " ind2=" ">
    <subfield code="b">n</subfield>
  </datafield>
  <datafield tag="338" ind1=" " ind2=" ">
    <subfield code="b">nc</subfield>
  </datafield>
  <datafield tag="502" ind1=" " ind2=" ">
    <subfield code="b">Dissertation</subfield>
    <subfield code="c">Ruhr-Universität Bochum</subfield>
    <subfield code="d">2017</subfield>
  </datafield>
  <datafield tag="655" ind1=" " ind2="7">
    <subfield code="a">Hochschulschrift</subfield>
    <subfield code="0">(DE-588)4113937-9</subfield>
    <subfield code="2">gnd-content</subfield>
  </datafield>
  <datafield tag="710" ind1="2" ind2=" ">
    <subfield code="a">Ruhr-Universität Bochum</subfield>
    <subfield code="0">(DE-588)7409-3</subfield>
    <subfield code="4">dgg</subfield>
    <subfield code="0">https://portal.dnb.de/opac.htm?method=simpleSearch&amp;cqlMode=true&amp;query=idn=000074098</subfield>
    <subfield code="0">http://viaf.org/viaf/sourceID/DNB|000074098</subfield>
    <subfield code="B">GND-000074098</subfield>
  </datafield>
  <datafield tag="751" ind1=" " ind2=" ">
    <subfield code="a">Bochum</subfield>
    <subfield code="0">(DE-588)4007328-2</subfield>
    <subfield code="4">uvp</subfield>
    <subfield code="0">https://portal.dnb.de/opac.htm?method=simpleSearch&amp;cqlMode=true&amp;query=idn=040073289</subfield>
    <subfield code="0">http://viaf.org/viaf/sourceID/DNB|040073289</subfield>
    <subfield code="B">GND-040073289</subfield>
  </datafield>
  <datafield tag="856" ind1="4" ind2="2">
    <subfield code="u">http://hss-opus.ub.ruhr-uni-bochum.de/scans/NowackNikola/Inhaltsverzeichnis.pdf</subfield>
    <subfield code="q">PDF</subfield>
    <subfield code="3">Inhaltsverzeichnis</subfield>
  </datafield>
  <datafield tag="856" ind1="4" ind2="2">
    <subfield code="u">http://hss-opus.ub.ruhr-uni-bochum.de/scans/NowackNikola/Zusammenfassung.pdf</subfield>
    <subfield code="q">PDF</subfield>
    <subfield code="3">Zusammenfassung</subfield>
  </datafield>
  <datafield tag="964" ind1="0" ind2="s">
    <subfield code="F">030</subfield>
    <subfield code="A">a|zur||||||17</subfield>
  </datafield>
  <datafield tag="964" ind1="0" ind2="s">
    <subfield code="F">050</subfield>
    <subfield code="A">a|||||||||||||</subfield>
  </datafield>
  <datafield tag="964" ind1="0" ind2="s">
    <subfield code="F">051</subfield>
    <subfield code="A">my||||||</subfield>
  </datafield>
  <datafield tag="035" ind1=" " ind2=" ">
    <subfield code="a">(DE-599)HBZHT019485225</subfield>
  </datafield>
  <datafield tag="MBD" ind1=" " ind2=" ">
    <subfield code="M">49HBZ_NETWORK</subfield>
    <subfield code="i">990219911120206441</subfield>
    <subfield code="n">HBZ Network</subfield>
  </datafield>
  <datafield tag="MBD" ind1=" " ind2=" ">
    <subfield code="M">49HBZ_UBO</subfield>
    <subfield code="i">991013980579706471</subfield>
    <subfield code="n">Universität Bochum</subfield>
  </datafield>
  <datafield tag="MNG" ind1=" " ind2=" ">
    <subfield code="c">System</subfield>
    <subfield code="f">ILS</subfield>
    <subfield code="i">marc21</subfield>
    <subfield code="k">01</subfield>
    <subfield code="e">false</subfield>
    <subfield code="d">2023-03-26 14:50:55 Europe/Berlin</subfield>
    <subfield code="g">021991112-HBZ01</subfield>
    <subfield code="j">60</subfield>
    <subfield code="a">import</subfield>
    <subfield code="b">2021-04-05 16:28:13 Europe/Berlin</subfield>
  </datafield>
  <datafield tag="H52" ind1="8" ind2=" ">
    <subfield code="b">UB</subfield>
    <subfield code="c">UB_GMAG</subfield>
    <subfield code="h">UB27501</subfield>
    <subfield code="8">22179686160006471</subfield>
  </datafield>
  <datafield tag="HOL" ind1=" " ind2=" ">
    <subfield code="b">2023-07-30 19:18:46</subfield>
    <subfield code="8">22179686160006471</subfield>
    <subfield code="M">49HBZ_UBO</subfield>
    <subfield code="g">false</subfield>
    <subfield code="a">import</subfield>
  </datafield>
  <datafield tag="ITM" ind1=" " ind2=" ">
    <subfield code="H">22179686160006471</subfield>
    <subfield code="x">UB_GMAG</subfield>
    <subfield code="f">BOOK</subfield>
    <subfield code="v">UB_GMAG</subfield>
    <subfield code="p">S</subfield>
    <subfield code="X">AMO_TL2_FIX</subfield>
    <subfield code="U">2023-07-30 12:59:00 Europe/Berlin</subfield>
    <subfield code="Y">2023-07-31 18:08:30 Europe/Berlin</subfield>
    <subfield code="h">false</subfield>
    <subfield code="n">UB27501</subfield>
    <subfield code="G">1</subfield>
    <subfield code="M">49HBZ_UBO</subfield>
    <subfield code="s">1</subfield>
    <subfield code="d">8</subfield>
    <subfield code="V">import</subfield>
    <subfield code="L">HBZ01: HT019485225 | Anzahl  Beilagen: 1</subfield>
    <subfield code="b">UB27501</subfield>
    <subfield code="O">SISIS-Vormerkzähler Migrationsjahr: 0 | SISIS-Buchdaten-Aufnahmedatum: 2017-10-25</subfield>
    <subfield code="N">Sigel: 294 | Klassifikation: 0 | SISIS-Ausleihzähler Migrationsjahr: 0</subfield>
    <subfield code="a">23179686150006471</subfield>
    <subfield code="c">UB27501</subfield>
    <subfield code="B">2017-27-802</subfield>
    <subfield code="W">2023-07-30 21:18:46 Europe/Berlin</subfield>
    <subfield code="u">UB</subfield>
    <subfield code="w">UB</subfield>
  </datafield>
  <datafield tag="GSI" ind1="7" ind2=" ">
    <subfield code="a">4007328-2</subfield>
    <subfield code="0">http://d-nb.info/gnd/4007328-2</subfield>
    <subfield code="2">gnd</subfield>
    <subfield code="A">GND</subfield>
    <subfield code="B">GND-040073289</subfield>
    <subfield code="C">024</subfield>
  </datafield>
  <datafield tag="GSI" ind1="7" ind2=" ">
    <subfield code="a">2947416</subfield>
    <subfield code="2">geonames</subfield>
    <subfield code="A">GND</subfield>
    <subfield code="B">GND-040073289</subfield>
    <subfield code="C">024</subfield>
  </datafield>
  <datafield tag="GGN" ind1=" " ind2=" ">
    <subfield code="a">Stadt Bochum</subfield>
    <subfield code="A">GND</subfield>
    <subfield code="B">GND-040073289</subfield>
    <subfield code="C">451</subfield>
  </datafield>
  <datafield tag="GGN" ind1=" " ind2=" ">
    <subfield code="a">Baukem</subfield>
    <subfield code="9">v:westfälisch</subfield>
    <subfield code="A">GND</subfield>
    <subfield code="B">GND-040073289</subfield>
    <subfield code="C">451</subfield>
  </datafield>
  <datafield tag="GKT" ind1="2" ind2=" ">
    <subfield code="a">Rurskij Universitet Bochum</subfield>
    <subfield code="A">GND</subfield>
    <subfield code="B">GND-000074098</subfield>
    <subfield code="C">410</subfield>
  </datafield>
  <datafield tag="GKT" ind1="2" ind2=" ">
    <subfield code="a">Lu'er-Daxue Bochum</subfield>
    <subfield code="A">GND</subfield>
    <subfield code="B">GND-000074098</subfield>
    <subfield code="C">410</subfield>
  </datafield>
  <datafield tag="GKT" ind1="2" ind2=" ">
    <subfield code="a">RUB</subfield>
    <subfield code="4">abku</subfield>
    <subfield code="i">Abkuerzung</subfield>
    <subfield code="A">GND</subfield>
    <subfield code="B">GND-000074098</subfield>
    <subfield code="C">410</subfield>
  </datafield>
  <datafield tag="GKT" ind1="2" ind2=" ">
    <subfield code="a">Universität Bochum</subfield>
    <subfield code="A">GND</subfield>
    <subfield code="B">GND-000074098</subfield>
    <subfield code="C">410</subfield>
  </datafield>
  <datafield tag="GKT" ind1="2" ind2=" ">
    <subfield code="a">Ruhr University Bochum</subfield>
    <subfield code="A">GND</subfield>
    <subfield code="B">GND-000074098</subfield>
    <subfield code="C">410</subfield>
  </datafield>
  <datafield tag="GKT" ind1="2" ind2=" ">
    <subfield code="a">University</subfield>
    <subfield code="g">Bochum</subfield>
    <subfield code="A">GND</subfield>
    <subfield code="B">GND-000074098</subfield>
    <subfield code="C">410</subfield>
  </datafield>
  <datafield tag="GKT" ind1="2" ind2=" ">
    <subfield code="a">RUB</subfield>
    <subfield code="g">Ruhr-Universität (Bochum)</subfield>
    <subfield code="A">GND</subfield>
    <subfield code="B">GND-000074098</subfield>
    <subfield code="C">410</subfield>
  </datafield>
  <datafield tag="GKT" ind1="2" ind2=" ">
    <subfield code="a">R. U. B.</subfield>
    <subfield code="g">Ruhr-Universität (Bochum)</subfield>
    <subfield code="A">GND</subfield>
    <subfield code="B">GND-000074098</subfield>
    <subfield code="C">410</subfield>
  </datafield>
  <datafield tag="GKT" ind1="2" ind2=" ">
    <subfield code="a">Rurskij universitet</subfield>
    <subfield code="A">GND</subfield>
    <subfield code="B">GND-000074098</subfield>
    <subfield code="C">410</subfield>
  </datafield>
  <datafield tag="GKT" ind1="2" ind2=" ">
    <subfield code="a">RUB</subfield>
    <subfield code="g">Ruhr-Universität Bochum</subfield>
    <subfield code="A">GND</subfield>
    <subfield code="B">GND-000074098</subfield>
    <subfield code="C">410</subfield>
  </datafield>
  <datafield tag="GKT" ind1="2" ind2=" ">
    <subfield code="a">Rurskij universitet v Bochume</subfield>
    <subfield code="A">GND</subfield>
    <subfield code="B">GND-000074098</subfield>
    <subfield code="C">410</subfield>
  </datafield>
  <datafield tag="GKT" ind1="2" ind2=" ">
    <subfield code="a">Ruhr University</subfield>
    <subfield code="A">GND</subfield>
    <subfield code="B">GND-000074098</subfield>
    <subfield code="C">410</subfield>
  </datafield>
  <datafield tag="GKT" ind1="2" ind2=" ">
    <subfield code="a">Ruhr University of Bochum</subfield>
    <subfield code="A">GND</subfield>
    <subfield code="B">GND-000074098</subfield>
    <subfield code="C">410</subfield>
  </datafield>
  <datafield tag="GKT" ind1="2" ind2=" ">
    <subfield code="a">Universität</subfield>
    <subfield code="g">Bochum</subfield>
    <subfield code="A">GND</subfield>
    <subfield code="B">GND-000074098</subfield>
    <subfield code="C">410</subfield>
  </datafield>
  <datafield tag="GKT" ind1="2" ind2=" ">
    <subfield code="a">Ruhr-Universität</subfield>
    <subfield code="g">Bochum</subfield>
    <subfield code="A">GND</subfield>
    <subfield code="B">GND-000074098</subfield>
    <subfield code="C">410</subfield>
  </datafield>
  <datafield tag="GSI" ind1="7" ind2=" ">
    <subfield code="a">7409-3</subfield>
    <subfield code="0">http://d-nb.info/gnd/7409-3</subfield>
    <subfield code="2">gnd</subfield>
    <subfield code="A">GND</subfield>
    <subfield code="B">GND-000074098</subfield>
    <subfield code="C">024</subfield>
  </datafield>
  <datafield tag="GSI" ind1="7" ind2=" ">
    <subfield code="a">0000 0004 0490 981X</subfield>
    <subfield code="2">isni</subfield>
    <subfield code="A">GND</subfield>
    <subfield code="B">GND-000074098</subfield>
    <subfield code="C">024</subfield>
  </datafield>
  <datafield tag="GSI" ind1="7" ind2=" ">
    <subfield code="a">Q309948</subfield>
    <subfield code="2">wikidata</subfield>
    <subfield code="A">GND</subfield>
    <subfield code="B">GND-000074098</subfield>
    <subfield code="C">024</subfield>
  </datafield>
  <datafield tag="GSI" ind1="7" ind2=" ">
    <subfield code="a">04tsk2644</subfield>
    <subfield code="2">ror</subfield>
    <subfield code="A">GND</subfield>
    <subfield code="B">GND-000074098</subfield>
    <subfield code="C">024</subfield>
  </datafield>
  <datafield tag="GSI" ind1="7" ind2=" ">
    <subfield code="a">http://d-nb.info/gnd/1054147280</subfield>
    <subfield code="2">uri</subfield>
    <subfield code="A">GND</subfield>
    <subfield code="B">GND-1054147280</subfield>
    <subfield code="C">024</subfield>
  </datafield>
</record>
